@article{Horton2017b,
author = {Horton, Pascal and Jaboyedoff, Michel and Obled, Charles},
doi = {10.1016/j.jhydrol.2017.04.017},
journal = {J. Hydrol.},
title = {{Using genetic algorithms to optimize the analogue method for precipitation prediction in the Swiss Alps}},
volume = {in press},
year = {2017}
}
@article{Kanamitsu2002,
author = {Kanamitsu, Masao and Ebisuzaki, Wesley and Woollen, Jack and Yang, Shi-Keng and Hnilo, J. J. and Fiorino, M. and Potter, G. L.},
doi = {10.1175/BAMS-83-11-1631},
issn = {0003-0007},
journal = {Bull. Amer. Meteor. Soc.},
month = {nov},
number = {11},
pages = {1631--1643},
title = {{NCEP–DOE AMIP-II Reanalysis (R-2)}},
volume = {83},
year = {2002}
}
@article{Gangopadhyay2005,
author = {Gangopadhyay, Subhrendu and Clark, Martyn and Rajagopalan, Balaji},
doi = {10.1029/2004WR003444},
issn = {00431397},
journal = {Water Resour. Res.},
month = {feb},
number = {2},
pages = {W02024},
title = {{Statistical downscaling using K -nearest neighbors}},
volume = {41},
year = {2005}
}
@article{Maraun2010,
author = {Maraun, D and Wetterhall, Fredrik and Chandler, R E and Kendon, E J and Widmann, M and Brienen, S and Rust, H W and Sauter, T and Theme{\ss}l, M and Venema, V K C and Chun, K P and Goodess, C M and Jones, R G and Onof, C and Vrac, M and Thiele-Eich, I},
doi = {10.1029/2009RG000314},
journal = {Rev. Geophys.},
number = {RG3003},
pages = {1--34},
title = {{Precipitation downscaling under climate change: Recent developements to bridge the gap between dynamical models and the end user}},
volume = {48},
year = {2010}
}
@article{Gelaro2017,
author = {Gelaro, Ronald and McCarty, Will and Su{\'{a}}rez, Max J. and Todling, Ricardo and Molod, Andrea and Takacs, Lawrence and Randles, Cynthia A. and Darmenov, Anton and Bosilovich, Michael G. and Reichle, Rolf and Wargan, Krzysztof and Coy, Lawrence and Cullather, Richard and Draper, Clara and Akella, Santha and Buchard, Virginie and Conaty, Austin and da Silva, Arlindo M. and Gu, Wei and Kim, Gi Kong and Koster, Randal and Lucchesi, Robert and Merkova, Dagmar and Nielsen, Jon Eric and Partyka, Gary and Pawson, Steven and Putman, William and Rienecker, Michele and Schubert, Siegfried D. and Sienkiewicz, Meta and Zhao, Bin},
doi = {10.1175/JCLI-D-16-0758.1},
issn = {08948755},
journal = {J. Climate},
keywords = {Aerosols,Data assimilation,Numerical analysis/modeling,Reanalysis data,Satellite observations},
number = {14},
pages = {5419--5454},
title = {{The modern-era retrospective analysis for research and applications, version 2 (MERRA-2)}},
volume = {30},
year = {2017}
}
@article{Rohrer2018,
author = {Rohrer, Marco and Br{\"{o}}nnimann, Stefan and Martius, Olivia and Raible, Christoph C. and Wild, Martin and Compo, Gilbert P.},
doi = {10.1175/JCLI-D-17-0350.1},
issn = {0894-8755},
journal = {J. Clim.},
number = {8},
pages = {3009--3031},
title = {{Representation of extratropical cyclones, blocking anticyclones, and Alpine circulation types in multiple reanalyses and model simulations}},
volume = {31},
year = {2018}
}
@article{Saha2010a,
author = {Saha, Suranjana and Moorthi, Shrinivas and Pan, Hua Lu and Wu, Xingren and Wang, Jiande and Nadiga, Sudhir and Tripp, Patrick and Kistler, Robert and Woollen, John and Behringer, David and Liu, Haixia and Stokes, Diane and Grumbine, Robert and Gayno, George and Wang, Jun and Hou, Yu Tai and Chuang, Hui Ya and Juang, Hann Ming H and Sela, Joe and Iredell, Mark and Treadon, Russ and Kleist, Daryl and {Van Delst}, Paul and Keyser, Dennis and Derber, John and Ek, Michael and Meng, Jesse and Wei, Helin and Yang, Rongqian and Lord, Stephen and {Van Den Dool}, Huug and Kumar, Arun and Wang, Wanqiu and Long, Craig and Chelliah, Muthuvel and Xue, Yan and Huang, Boyin and Schemm, Jae Kyung and Ebisuzaki, Wesley and Lin, Roger and Xie, Pingping and Chen, Mingyue and Zhou, Shuntai and Higgins, Wayne and Zou, Cheng Zhi and Liu, Quanhua and Chen, Yong and Han, Yong and Cucurull, Lidia and Reynolds, Richard W. and Rutledge, Glenn and Goldberg, Mitch},
doi = {10.1175/2010BAMS3001.1},
isbn = {0003000715200477},
issn = {00030007},
journal = {Bull. Amer. Meteor. Soc.},
number = {8},
pages = {1015--1057},
title = {{The NCEP climate forecast system reanalysis}},
volume = {91},
year = {2010}
}
@article{Sterl2004,
author = {Sterl, Andreas},
doi = {10.1175/1520-0442(2004)017<3866:OTIORP>2.0.CO;2},
issn = {08948755},
journal = {J. Climate},
number = {19},
pages = {3866--3873},
title = {{On the (in)homogeneity of reanalysis products}},
volume = {17},
year = {2004}
}
@phdthesis{Bontron2004,
author = {Bontron, Guillaume},
pages = {262 p.},
school = {Institut National Polytechnique de Grenoble},
title = {{Pr{\'{e}}vision quantitative des pr{\'{e}}cipitations: Adaptation probabiliste par recherche d'analogues. Utilisation des R{\'{e}}analyses NCEP/NCAR et application aux pr{\'{e}}cipitations du Sud-Est de la France.}},
year = {2004}
}
@misc{Laloyaux2017,
abstract = {Last modified 05 Jun 2017},
author = {Laloyaux, Patrick and {National Center for Atmospheric Research Staff}},
title = {{The Climate Data Guide: CERA-20C: ECMWF's Coupled Ocean-Atmosphere Reanalysis of the 20th Century.}},
url = {https://climatedataguide.ucar.edu/climate-data/cera-20c-ecmwfs-coupled-ocean-atmosphere-reanalysis-20th-century},
urldate = {2017-11-28},
year = {2017}
}
@article{Kobayashi2015,
author = {Kobayashi, Shinya and Ota, Yukinari and Harada, Yayoi and Ebita, Ayataka and Moriya, Masami and Onoda, Hirokatsu and Onogi, Kazutoshi and Kamahori, Hirotaka and Kobayashi, Chiaki and Endo, Hirokazu and Miyaoka, Kengo and Takahashi, Kiyotoshi},
doi = {10.2151/jmsj.2015-001},
issn = {0026-1165},
journal = {J. Meteor. Soc. Japan. Ser. II},
keywords = {data assimilation,japan meteo-,meteorological observation,numerical weather prediction,ote-machi,reanalysis,rological agency,shinya kobayashi,tokyo},
number = {1},
pages = {5--48},
title = {{The JRA-55 Reanalysis: General Specifications and Basic Characteristics}},
volume = {93},
year = {2015}
}
@article{Bliefernicht2007,
author = {Bliefernicht, Jan and B{\'{a}}rdossy, A.},
doi = {10.5194/nhess-7-263-2007},
issn = {1684-9981},
journal = {Nat. Hazards Earth Syst. Sci.},
month = {apr},
number = {2},
pages = {263--269},
title = {{Probabilistic forecast of daily areal precipitation focusing on extreme events}},
volume = {7},
year = {2007}
}
@article{Ruosteenoja1988,
author = {Ruosteenoja, K},
journal = {Mon. Wea. Rev.},
pages = {368--376},
title = {{Factors affecting the occurrence and lifetime of 500 mb height analogues: a study based on a large amount of data}},
volume = {116},
year = {1988}
}
@misc{Horton2017a,
author = {Horton, Pascal},
doi = {10.5281/zenodo.821559},
title = {{AtmoSwing v1.5.0}},
year = {2017}
}
@misc{Horton2018d,
author = {Horton, Pascal},
doi = {10.5281/zenodo.1305098},
title = {{AtmoSwing R-toolbox v1.2.0}},
year = {2018}
}
@article{VandenDool1989,
author = {{Van den Dool}, HM},
journal = {Mon. Wea. Rev.},
pages = {2230--2247},
title = {{A new look at weather forecasting through analogues}},
volume = {117},
year = {1989}
}
@article{Osca2013,
author = {Osca, J. and Romero, R. and Alonso, S.},
doi = {10.1016/j.gloplacha.2013.08.001},
issn = {09218181},
journal = {Glob. Planet. Change},
keywords = {Circulation types,Precipitation downscaling,Rainfall patterns,Spain,Stochastic method,Weather generation},
pages = {46--63},
publisher = {Elsevier B.V.},
title = {{Precipitation projections for Spain by means of a weather typing statistical method}},
volume = {109},
year = {2013}
}
@phdthesis{BenDaoud2010,
author = {{Ben Daoud}, Aur{\'{e}}lien},
school = {Universit{\'{e}} de Grenoble},
title = {{Am{\'{e}}liorations et d{\'{e}}veloppements d'une m{\'{e}}thode de pr{\'{e}}vision probabiliste des pluies par analogie.}},
year = {2010}
}
@article{Ebita2011,
author = {Ebita, Ayataka and Kobayashi, Shinya and Ota, Yukinari and Moriya, Masami and Kumabe, Ryoji and Onogi, Kazutoshi and Harada, Yayoi and Yasui, Soichiro and Miyaoka, Kengo and Takahashi, Kiyotoshi and Kamahori, Hirotaka and Kobayashi, Chiaki and Endo, Hirokazu and Soma, Motomu and Oikawa, Yoshinori and Ishimizu, Takahisa},
doi = {10.2151/sola.2011-038},
isbn = {1349-6476},
issn = {1349-6476},
journal = {Sola},
pages = {149--152},
title = {{The Japanese 55-year Reanalysis “JRA-55”: An Interim Report}},
volume = {7},
year = {2011}
}
@techreport{Gibson1997,
address = {Reading, UK},
author = {Gibson, J K and Kallberg, P and Uppala, S and Hernandez, A and Nomura, A and Serrano, E},
booktitle = {Reading, UK},
institution = {ECMWF},
pages = {77},
title = {{ERA description. ECMWF Re-Analysis Project Report Series 1}},
year = {1997}
}
@article{Zorita1999,
author = {Zorita, E. and von Storch, H},
doi = {10.1175/1520-0442(1999)012<2474:TAMAAS>2.0.CO;2},
journal = {J. Climate},
number = {8},
pages = {2474--2489},
title = {{The analog method as a simple statistical downscaling technique: comparison with more complicated methods}},
volume = {12},
year = {1999}
}
@article{Kistler2001,
author = {Kistler, Robert and Kalnay, Eugenia and Collins, William and Saha, Suranjana and White, Glenn and Woollen, John and Chelliah, Muthuvel and Ebisuzaki, Wesley and Kanamitsu, Masao and Kousky, Vernon and {Van Den Dool}, Huug and Jenne, Roy and Fiorino, Michael},
doi = {10.1175/1520-0477(2001)082<0247:TNNYRM>2.3.CO;2},
isbn = {00030007},
issn = {00030007},
journal = {Bull. Amer. Meteor. Soc.},
number = {2},
pages = {247--267},
pmid = {4102176},
title = {{The NCEP-NCAR 50-year reanalysis: Monthly means CD-ROM and documentation}},
volume = {82},
year = {2001}
}
@article{Cannon2007,
author = {Cannon, Alex J.},
doi = {10.1016/j.neunet.2007.04.002},
isbn = {0893-6080},
issn = {08936080},
journal = {Neural Networks},
keywords = {Analog,Climatology,Downscaling,Forecasting,Hydroclimatology,Multivariate,Neural network,k-nearest neighbor},
number = {4},
pages = {444--453},
pmid = {17524616},
title = {{Nonlinear analog predictor analysis: A coupled neural network/analog model for climate downscaling}},
volume = {20},
year = {2007}
}
@article{Poli2016,
author = {Poli, Paul and Hersbach, Hans and Dee, Dick P. and Berrisford, Paul and Simmons, Adrian J. and Vitart, Fr{\'{e}}d{\'{e}}ric and Laloyaux, Patrick and Tan, David G H and Peubey, Carole and Th{\'{e}}paut, Jean No{\"{e}}l and Tr{\'{e}}molet, Yannick and H{\'{o}}lm, El{\'{i}}as V. and Bonavita, Massimo and Isaksen, Lars and Fisher, Michael},
doi = {10.1175/JCLI-D-15-0556.1},
issn = {08948755},
journal = {J. Climate},
keywords = {Data assimilation,Interannual variability,Models and modeling,Reanalysis data,Variability},
number = {11},
pages = {4083--4097},
title = {{ERA-20C: An atmospheric reanalysis of the twentieth century}},
volume = {29},
year = {2016}
}
@article{Bonnet2017,
author = {Bonnet, R. and Bo{\'{e}}, J. and Dayon, G. and Martin, E.},
doi = {10.1002/2017WR020596},
issn = {00431397},
journal = {Water Resour. Res.},
keywords = {Climate variations,France,Hydro‐meteorological reconstructions,Multi‐decadal variations,Statistical downscaling,Water cycle},
pages = {1--17},
title = {{20th-Century Hydro-Meteorological Reconstructions to Study the Multidecadal Variations of the Water Cycle Over France}},
volume = {53},
year = {2017}
}
@article{Lindsay2014,
author = {Lindsay, R. and Wensnahan, M. and Schweiger, A. and Zhang, J.},
doi = {10.1175/JCLI-D-13-00014},
issn = {08948755},
journal = {J. Climate},
number = {7},
pages = {2588--2606},
title = {{Evaluation of seven different atmospheric reanalysis products in the arctic}},
volume = {27},
year = {2014}
}
@article{Kishore2016,
author = {Kishore, P. and Jyothi, S. and Basha, Ghouse and Rao, S. V.B. and Rajeevan, M. and Velicogna, Isabella and Sutterley, Tyler C.},
doi = {10.1007/s00382-015-2597-y},
isbn = {0930-7575},
issn = {14320894},
journal = {Climate Dyn.},
keywords = {APHRODITE,CFSR,Climatology,ERA-Interim,GPCC,IMD,India,JRA-25,MERRA,Precipitation,Trends,Validation},
number = {1-2},
pages = {541--556},
publisher = {Springer Berlin Heidelberg},
title = {{Precipitation climatology over India: validation with observations and reanalysis datasets and spatial trends}},
volume = {46},
year = {2016}
}
@article{Dayon2015,
author = {Dayon, G. and Bo{\'{e}}, J. and Martin, E.},
doi = {10.1002/2014JD022236},
issn = {2169897X},
journal = {J. Geophys. Res. Atmos.},
month = {feb},
number = {3},
pages = {1023--1043},
title = {{Transferability in the future climate of a statistical downscaling method for precipitation in France}},
volume = {120},
year = {2015}
}
@article{Trenberth2011,
author = {Trenberth, Kevin E. and Fasullo, John T. and Mackaro, Jessica},
doi = {10.1175/2011JCLI4171.1},
isbn = {0894-8755},
issn = {08948755},
journal = {J. Climate},
keywords = {Evaporation,Hydrologic cycle,Model evaluation/performance,Moisture,Precipitation,Transport},
number = {18},
pages = {4907--4924},
title = {{Atmospheric moisture transports from ocean to land and global energy flows in reanalyses}},
volume = {24},
year = {2011}
}
@techreport{Brown1974,
author = {Brown, TA},
pages = {P--5235},
title = {{Admissible Scoring Systems for Continuous Distributions.}},
url = {http://eric.ed.gov/?id=ED135799},
year = {1974}
}
@article{Timbal2001a,
author = {Timbal, B. and McAvaney, B. J.},
doi = {10.1007/s003820100156},
issn = {0930-7575},
journal = {Climate Dyn.},
pages = {947--963},
title = {{An Analogue based method to downscale surface air temperature: Application for Australia}},
volume = {17},
year = {2001}
}
@article{Marty2012,
author = {Marty, Renaud and Zin, Isabella and Obled, Charles and Bontron, Guillaume and Djerboua, Abdelatif},
doi = {10.1175/JAMC-D-11-011.1},
isbn = {1558-8424},
issn = {15588424},
journal = {J. Appl. Meteor. Climatol.},
keywords = {Forecast verification,Operational forecasting,Probability forecasts/models/distribution,Statistical forecasting},
month = {mar},
number = {3},
pages = {505--520},
title = {{Toward real-time daily PQPF by an analog sorting approach: Application to flash-flood catchments}},
volume = {51},
year = {2012}
}
@article{Barrera2007,
author = {Barrera, A. and Altava-Ortiz, V. and Llasat, M. C. and Barnolas, M.},
doi = {10.5194/adgeo-12-121-2007},
issn = {1680-7359},
journal = {Adv. Geosci.},
pages = {121--126},
title = {{Heavy rain prediction using deterministic and probabilistic models – the flash flood cases of 11 – 13 October 2005 in Catalonia ( NE Spain )}},
volume = {12},
year = {2007}
}
@article{Duband1981,
author = {Duband, Daniel},
journal = {La Houille Blanche},
pages = {497--512},
title = {{Pr{\'{e}}vision spatiale des hauteurs de pr{\'{e}}cipitations journali{\`{e}}res}},
volume = {7-8},
year = {1981}
}
@article{Teng2012,
author = {Teng, J. and Chiew, F. H S and Timbal, B. and Wang, Y. and Vaze, J. and Wang, B.},
doi = {10.1016/j.jhydrol.2012.09.024},
issn = {00221694},
journal = {J. Hydrol.},
keywords = {Australia,Climate change impacts,Statistical downscaling,Streamflow},
pages = {111--125},
publisher = {Elsevier B.V.},
title = {{Assessment of an analogue downscaling method for modelling climate change impacts on runoff}},
volume = {472-473},
year = {2012}
}
@article{Vandendool1994,
author = {{Van Den Dool}, H M},
journal = {Tellus},
number = {3},
pages = {314--324},
title = {{Searching for analogues, how long must we wait?}},
volume = {46A},
year = {1994}
}
@article{Mao2010,
author = {Mao, Jiafu and Shi, Xiaoying and Ma, Lijuan and Kaiser, Dale P. and Li, Qingxiang and Thornton, Peter E.},
doi = {10.1175/2010JCLI3581.1},
isbn = {0894-8755},
issn = {08948755},
journal = {J. Climate},
number = {24},
pages = {6605--6623},
title = {{Assessment of reanalysis daily extreme temperatures with China's homogenized historical dataset during 1979-2001 using probability density functions}},
volume = {23},
year = {2010}
}
@article{Wang2011,
author = {Wang, Wanqiu and Xie, Pingping and Yoo, Soo Hyun and Xue, Yan and Kumar, Arun and Wu, Xingren},
doi = {10.1007/s00382-010-0935-7},
isbn = {0930-7575},
issn = {09307575},
journal = {Climate Dyn.},
keywords = {Atmospheric reanalysis,Climate forecast system reanalysis,Long-term trend,Surface climate variability},
number = {7-8},
pages = {1601--1620},
title = {{An assessment of the surface climate in the NCEP climate forecast system reanalysis}},
volume = {37},
year = {2011}
}
@article{Uppala2005,
author = {Uppala, S. M. and Kallberg, P. W. and Simmons, A. J. and Andrae, U. and {Da Costa Bechtold}, V. and Fiorino, M. and Gibson, J. K. and Haseler, J. and Hernandez, A. and Kelly, G. A. and Li, X. and Onogi, K. and Saarinen, S. and Sokka, N. and Allan, R. P. and Andersson, E. and Arpe, K. and Balmaseda, M. A. and Beljaars, A. C. M. and {Van De Berg}, L. and Bidlot, J. and Bormann, N. and Caires, S. and Chevallier, F. and Dethof, A. and Dragosavac, M. and Fisher, M. and Fuentes, M. and Hagemann, S. and H{\'{o}}lm, E. and Hoskins, B. J. and Isaksen, L. and Janssen, P. A. E. M. and Jenne, R. and Mcnally, A. P. and Mahfouf, J.-F. and Morcrette, J.-J. and Rayner, N. A. and Saunders, R. W. and Simon, P. and Sterl, A. and Trenberth, K. E. and Untch, A. and Vasiljevic, D. and Viterbo, P. and Woollen, J.},
doi = {10.1256/qj.04.176},
issn = {00359009},
journal = {Quart. J. Roy. Meteor. Soc.},
month = {oct},
number = {612},
pages = {2961--3012},
title = {{The ERA-40 re-analysis}},
volume = {131},
year = {2005}
}
@article{Ribalaygua2013a,
author = {Ribalaygua, J. and Torres, L. and P{\'{o}}rtoles, J. and Monjo, R. and Gait{\'{a}}n, E. and Pino, M. R.},
doi = {10.1007/s00704-013-0836-x},
issn = {0177798X},
journal = {Theor. Appl. Climatol.},
number = {1-2},
pages = {253--269},
title = {{Description and validation of a two-step analogue/regression downscaling method}},
volume = {114},
year = {2013}
}
@article{Hofer2012,
author = {Hofer, Marlis and Marzeion, Ben and M{\"{o}}lg, Thomas},
doi = {10.1007/s00382-012-1501-2},
issn = {09307575},
journal = {Climate Dyn.},
keywords = {Air temperature,Glacier,Reanalysis,Skill estimation},
number = {7-8},
pages = {1969--1980},
title = {{Comparing the skill of different reanalyses and their ensembles as predictors for daily air temperature on a glaciated mountain (Peru)}},
volume = {39},
year = {2012}
}
@article{Koukidis2009,
author = {Koukidis, E.N. and Berg, A.a.},
doi = {10.3137/AO924.2009},
isbn = {9780494338797},
issn = {0705-5900},
journal = {Atmos.-Ocean},
number = {1},
pages = {1--18},
title = {{Sensitivity of the Statistical DownScaling Model (SDSM) to reanalysis products}},
volume = {47},
year = {2009}
}
@article{Lorenz1969,
author = {Lorenz, EN},
doi = {10.1175/1520-0469(1969)26<636:aparbn>2.0.co;2},
journal = {J. Atmos. Sci.},
pages = {636--646},
title = {{Atmospheric predictability as revealed by naturally occurring analogues}},
volume = {26},
year = {1969}
}
@article{Onogi2007,
author = {Onogi, Kazutoshi and Tsutsui, Junichi and Koide, Hiroshi and Sakamoto, Masami and Kobayashi, Shinya and Hatsushika, Hiroaki and Matsumoto, Takanori and Yamazaki, Nobuo and Kamahori, Hirotaka and Takahashi, Kiyotoshi and Kadokura, Shinji and Wada, Koji and Kato, Koji and Oyama, Ryo and Ose, Tomoaki and Mannoji, Nobutaka and Taira, Ryusuke},
doi = {10.2151/jmsj.85.369},
isbn = {0026-1165},
issn = {0026-1165},
journal = {J. Meteor. Soc. Japan},
number = {3},
pages = {369--432},
title = {{The JRA-25 Reanalysis}},
volume = {85},
year = {2007}
}
@article{Matheson1976,
author = {Matheson, JE and Winkler, RL},
doi = {10.1287/mnsc.22.10.1087},
journal = {Manage. Sci.},
number = {10},
pages = {1087--1096},
title = {{Scoring rules for continuous probability distributions}},
volume = {22},
year = {1976}
}
@article{Kruizinga1983,
author = {Kruizinga, S and Murphy, AH},
doi = {10.1175/1520-0493(1983)111<2244:uoaapt>2.0.co;2},
journal = {Mon. Wea. Rev.},
number = {11},
pages = {2244--2254},
title = {{Use of an analogue procedure to formulate objective probabilistic temperature forecasts in the Netherlands}},
volume = {111},
year = {1983}
}
@article{Matulla2007,
author = {Matulla, C. and Zhang, X. and Wang, X. L. and Wang, J. and Zorita, E. and Wagner, S. and von Storch, H.},
doi = {10.1007/s00382-007-0277-2},
issn = {0930-7575},
journal = {Climate Dyn.},
month = {jul},
number = {2-3},
pages = {133--144},
title = {{Influence of similarity measures on the performance of the analog method for downscaling daily precipitation}},
volume = {30},
year = {2007}
}
@article{Hersbach2000,
author = {Hersbach, H.},
doi = {10.1175/1520-0434(2000)015<0559:dotcrp>2.0.co;2},
journal = {Wea. Forecasting},
number = {5},
pages = {559--570},
title = {{Decomposition of the continuous ranked probability score for ensemble prediction systems}},
volume = {15},
year = {2000}
}
@article{Kobayashi2014,
author = {Kobayashi, Chiaki and Endo, Hirokazu and Ota, Yukinari and Kobayashi, Shinya and Onoda, Hirokatsu and Harada, Yayoi and Onogi, Kazutoshi and Kamahori, Hirotaka},
doi = {10.2151/sola.2014-016},
issn = {1349-6476},
journal = {Sola},
number = {0},
pages = {78--82},
title = {{Preliminary Results of the JRA-55C, an Atmospheric Reanalysis Assimilating Conventional Observations Only}},
volume = {10},
year = {2014}
}
@article{Raynaud2016b,
author = {Raynaud, Damien and Hingray, Benoit and Zin, Isabella and Anquetin, Sandrine and Debionne, Samuel and Vautard, Robert},
doi = {10.1002/joc.4844},
issn = {08998418},
journal = {Int. J. Climatol.},
keywords = {analogue,correlation,multivariate,precipitation,radiation,statistical downscaling,temperature,wind},
title = {{Atmospheric analogues for physically consistent scenarios of surface weather in Europe and Maghreb}},
year = {2016}
}
@article{Bradley2011,
author = {Bradley, A Allen and Schwartz, Stuart S.},
doi = {10.1175/2010MWR3305.1},
isbn = {0027-0644},
issn = {0027-0644},
journal = {Mon. Wea. Rev.},
number = {9},
pages = {3075--3089},
title = {{Summary Verification Measures and Their Interpretation for Ensemble Forecasts}},
volume = {139},
year = {2011}
}
@article{Harada2016,
author = {Harada, Yayoi and Kamahori, Hirotaka and Kobayashi, Chiaki and Endo, Hirokazu and Kobayashi, Shinya and Ota, Yukinari},
doi = {10.2151/jmsj. 2016-015 J-STAGE},
issn = {0849-6757},
journal = {J. Meteor. Soc. Japan},
keywords = {atmospheric circulation,climate variability,reanalysis,verification},
number = {3},
pages = {269--302},
title = {{The JRA-55 Reanalysis: Representation of atmospheric circulation and climate variability}},
volume = {94},
year = {2016}
}
@article{Wetterhall2005a,
author = {Wetterhall, Fredrik and Halldin, Sven and Xu, Chong-yu},
doi = {10.1016/j.jhydrol.2004.09.008},
issn = {00221694},
journal = {J. Hydrol.},
keywords = {analogue method,downscaling,pca,precipitation,sweden,teweles-wobus score},
month = {may},
number = {1-4},
pages = {174--190},
title = {{Statistical precipitation downscaling in central Sweden with the analogue method}},
volume = {306},
year = {2005}
}
@article{Willems2011b,
author = {Willems, P. and Vrac, M.},
doi = {10.1016/j.jhydrol.2011.02.030},
isbn = {0022-1694 U6 - ctx{\_}ver=Z39.88-2004{\&}ctx{\_}enc=info{\%}3Aofi{\%}2Fenc{\%}3AUTF-8{\&}rfr{\_}id=info:sid/summon.serialssolutions.com{\&}rft{\_}val{\_}fmt=info:ofi/fmt:kev:mtx:journal{\&}rft.genre=article{\&}rft.atitle=Statistical+precipitation+downscaling+for+small-scale+hydrological+impact+investigations+of+climate+change{\&}rft.jtitle=Journal+of+Hydrology{\&}rft.au=Willems{\%}2C+P{\&}rft.au=Vrac{\%}2C+M{\&}rft.date=2011-05-01{\&}rft.issn=0022-1694{\&}rft.volume=402{\&}rft.issue=3-4{\&}rft.spage=193{\&}rft.epage=205{\&}rft{\_}id=info:doi/10.1016{\%}2Fj.jhydrol.2011.02.03},
issn = {00221694},
journal = {J. Hydrol.},
keywords = {Climate change,Precipitation,Statistical downscaling,Urban drainage,Weather typing},
number = {3-4},
pages = {193--205},
publisher = {Elsevier B.V.},
title = {{Statistical precipitation downscaling for small-scale hydrological impact investigations of climate change}},
volume = {402},
year = {2011}
}
@article{Yiou2014,
author = {Yiou, P. and Boichu, M. and Vautard, R. and Vrac, M. and Jourdain, S. and Garnier, E. and Fluteau, F. and Menut, L.},
doi = {10.5194/cp-10-797-2014},
issn = {18149332},
journal = {Climate Past},
number = {2},
pages = {797--809},
title = {{Ensemble meteorological reconstruction using circulation analogues of 1781-1785}},
volume = {10},
year = {2014}
}
@article{BenDaoud2011,
author = {{Ben Daoud}, A. and Sauquet, E. and Lang, M. and Bontron, G. and Obled, C.},
doi = {10.5194/adgeo-29-103-2011},
issn = {16807340},
journal = {Adv. Geosci.},
number = {1997},
pages = {103--107},
title = {{Precipitation forecasting through an analog sorting technique: A comparative study}},
volume = {29},
year = {2011}
}
@techreport{Rummukainen1997,
author = {Rummukainen, M},
booktitle = {SMHI Reports Meteor. Climatol.},
number = {80},
title = {{Methods for statistical downscaling of GCM simulations.}},
url = {http://agris.fao.org/agris-search/search/display.do?f=2012/OV/OV201205379005379.xml;SE19970167745},
year = {1997}
}
@article{Wu2012,
author = {Wu, Wanli and Liu, Yubao and Ge, Ming and Rostkier-Edelstein, Dorita and Descombes, Gael and Kunin, Pavel and Warner, Thomas and Swerdlin, Scott and Givati, Amir and Hopson, Thomas and Yates, David},
doi = {10.1016/j.atmosres.2012.07.019},
isbn = {0169-8095},
issn = {01698095},
journal = {Atmos. Res.},
keywords = {Climate model,Ensemble forecast,K-Nearest neighbors,Seasonal prediction,Southeastern Mediterranean,Statistical downscaling},
pages = {346--356},
publisher = {Elsevier B.V.},
title = {{Statistical downscaling of climate forecast system seasonal predictions for the Southeastern Mediterranean}},
volume = {118},
year = {2012}
}
@phdthesis{Marty2010,
author = {Marty, Renaud},
pages = {258 p.},
school = {Universit{\'{e}} de Grenoble},
title = {{Pr{\'{e}}vision hydrologique d'ensemble adapt{\'{e}}e aux bassins {\`{a}} crue rapide. Elaboration de pr{\'{e}}visions probabilistes de pr{\'{e}}cipitations {\`{a}} 12 et 24 h. D{\'{e}}sagr{\'{e}}gation horaire conditionnelle pour la mod{\'{e}}lisation hydrologique. Application {\`{a}} des bassins de la r{\'{e}}gion C{\'{e}}v}},
year = {2010}
}
@article{Diaconescu2015,
author = {Diaconescu, Emilia Paula and Gachon, Philippe and Scinocca, John and Laprise, Ren{\'{e}}},
doi = {10.1007/s00382-014-2383-2},
issn = {14320894},
journal = {Climate Dyn.},
keywords = {CORDEX experiment,Daily-precipitation indices,RCM evaluation,West African monsoon},
number = {5-6},
pages = {1325--1354},
publisher = {Springer Berlin Heidelberg},
title = {{Evaluation of daily precipitation statistics and monsoon onset/retreat over western Sahel in multiple data sets}},
volume = {45},
year = {2015}
}
@article{Bao2013a,
author = {Bao, Xinghua and Zhang, Fuqing},
doi = {10.1175/JCLI-D-12-00056.1},
isbn = {10.1175/JCLI-D-12-00056.1},
issn = {08948755},
journal = {J. Climate},
number = {1},
pages = {206--214},
title = {{Evaluation of NCEP-CFSR, NCEP-NCAR, ERA-Interim, and ERA-40 reanalysis datasets against independent sounding observations over the Tibetan Plateau}},
volume = {26},
year = {2013}
}
@phdthesis{Horton2012a,
author = {Horton, Pascal},
pages = {320 p.},
school = {Universit{\'{e}} de Lausanne},
title = {{Am{\'{e}}liorations et optimisation globale de la m{\'{e}}thode des analogues pour la pr{\'{e}}vision statistique des pr{\'{e}}cipitations. D{\'{e}}veloppement d'un outil de pr{\'{e}}vision et application op{\'{e}}rationnelle au bassin du Rh{\^{o}}ne {\`{a}} l'amont du L{\'{e}}man}},
type = {Th{\`{e}}se de doctorat},
url = {https://tel.archives-ouvertes.fr/tel-01441762},
year = {2012}
}
@article{Horton2012,
author = {Horton, Pascal and Jaboyedoff, Michel and Metzger, Richard and Obled, Charles and Marty, Renaud},
doi = {10.5194/nhess-12-777-2012},
journal = {Nat. Hazards Earth Syst. Sci.},
pages = {777--784},
title = {{Spatial relationship between the atmospheric circulation and the precipitation measured in the western Swiss Alps by means of the analogue method}},
volume = {12},
year = {2012}
}
@article{Timbal2003,
author = {Timbal, B and Dufour, A and Mcavaney, B},
doi = {10.1007/s00382-002-0298-9},
isbn = {0930-7575},
issn = {09307575},
journal = {Climate Dyn.},
pages = {807--823},
title = {{An estimate of future climate change for western France using a statistical downscaling technique}},
volume = {20},
year = {2003}
}
@article{Pitman2009,
author = {Pitman, A. J. and Perkins, S. E.},
doi = {10.1175/2009JCLI2799.1},
issn = {0894-8755},
journal = {J. Climate},
number = {17},
pages = {4667--4681},
title = {{Global and Regional Comparison of Daily 2-m and 1000-hPa Maximum and Minimum Temperatures in Three Global Reanalyses}},
volume = {22},
year = {2009}
}
@techreport{Timbal2008a,
author = {Timbal, B and Li, Z and Fernandez, E},
booktitle = {CAWCR Tech. Rep. No. 004},
isbn = {9781921424779},
number = {004},
pages = {98 pages},
title = {{The Bureau of Meteorology Statistical Downscaling Model Graphical User Interface: user manual and software documentation}},
year = {2008}
}
@article{Bontron2005,
author = {Bontron, Guillaume and Obled, Charles},
doi = {10.1051/lhb:200501002},
journal = {La Houille Blanche},
pages = {23--28},
title = {{L'adaptation probabiliste des pr{\'{e}}visions m{\'{e}}t{\'{e}}orologiques pour la pr{\'{e}}vision hydrologique}},
volume = {1},
year = {2005}
}
@article{Altava-Ortiz2006,
author = {Altava-Ortiz, V. and Barrera, A and Llasat, M C and Prat, M A and Gibergans-B{\'{a}}guena, J. and Barnolas, M.},
doi = {10.5194/adgeo-7-313-2006},
issn = {1680-7359},
journal = {Adv. Geosci.},
month = {apr},
pages = {313--319},
title = {{Application of the MM5 and the analogous method to heavy rainfall event, the case of 16−18 October 2003 in Catalonia (NE Spain)}},
volume = {7},
year = {2006}
}
@article{Horton2017c,
author = {Horton, Pascal and Obled, Charles and Jaboyedoff, Michel},
doi = {10.5194/hess-21-3307-2017},
journal = {Hydrol. Earth Syst. Sci.},
pages = {3307--3323},
title = {{The analogue method for precipitation prediction: finding better analogue situations at a sub-daily time step}},
volume = {21},
year = {2017}
}
@article{Blacutt2015,
author = {Blacutt, Luis A. and Herdies, Dirceu L. and de Gon{\c{c}}alves, Luis Gustavo G and Vila, Daniel A. and Andrade, Marcos},
doi = {10.1016/j.atmosres.2015.02.002},
isbn = {01698095 (ISSN)},
issn = {01698095},
journal = {Atmos. Res.},
keywords = {Data assimilation,Precipitation,Precipitation estimations,Statistical analysis},
pages = {117--131},
publisher = {The Authors},
title = {{Precipitation comparison for the CFSR, MERRA, TRMM3B42 and Combined Scheme datasets in Bolivia}},
volume = {163},
year = {2015}
}
@article{Krueger2013,
author = {Krueger, Oliver and Schenk, Frederik and Feser, Frauke and Weisse, Ralf},
doi = {10.1175/JCLI-D-12-00309.1},
isbn = {0894-8755$\backslash$r1520-0442},
issn = {08948755},
journal = {J. Climate},
keywords = {Climate change,Decadal variability,Extratropical cyclones,Reanalysis data,Surface observations,Trends},
number = {3},
pages = {868--874},
title = {{Inconsistencies between long-term trends in storminess derived from the 20CR reanalysis and observations}},
volume = {26},
year = {2013}
}
@article{Teweles1954,
author = {Teweles, S and Wobus, H B},
journal = {Bull. Amer. Meteor. Soc.},
pages = {455--463},
title = {{Verification of prognostic charts}},
volume = {35},
year = {1954}
}
@article{Radanovics2013,
author = {Radanovics, Sabine and Vidal, J.-P. and Sauquet, Eric and {Ben Daoud}, Aur{\'{e}}lien and Bontron, Guillaume},
doi = {10.5194/hess-17-4189-2013},
issn = {1607-7938},
journal = {Hydrol. Earth Syst. Sci.},
number = {10},
pages = {4189--4208},
title = {{Optimising predictor domains for spatially coherent precipitation downscaling}},
volume = {17},
year = {2013}
}
@article{Laloyaux2016,
author = {Laloyaux, Patrick and Balmaseda, Magdalena and Dee, Dick and Mogensen, Kristian and Janssen, Peter},
doi = {10.1002/qj.2629},
isbn = {1023601003071},
issn = {1477870X},
journal = {Quart. J. Roy. Meteor. Soc.},
keywords = {Climate reanalysis,Coupled data assimilation,Coupled medium-range forecast},
number = {694},
pages = {65--78},
title = {{A coupled data assimilation system for climate reanalysis}},
volume = {142},
year = {2016}
}
@article{Kuentz2015,
author = {Kuentz, A. and Mathevet, T. and Gailhard, J. and Hingray, B.},
doi = {10.5194/hess-19-2717-2015},
issn = {16077938},
journal = {Hydrol. Earth Syst. Sci.},
number = {6},
pages = {2717--2736},
title = {{Building long-term and high spatio-temporal resolution precipitation and air temperature reanalyses by mixing local observations and global atmospheric reanalyses: The ANATEM model}},
volume = {19},
year = {2015}
}
@article{Dee2011a,
author = {Dee, D. P. and Uppala, S. M. and Simmons, A. J. and Berrisford, P. and Poli, P. and Kobayashi, S. and Andrae, U. and Balmaseda, M. A. and Balsamo, G. and Bauer, P. and Bechtold, P. and Beljaars, A. C M and van de Berg, L. and Bidlot, J. and Bormann, N. and Delsol, C. and Dragani, R. and Fuentes, M. and Geer, A. J. and Haimberger, L. and Healy, S. B. and Hersbach, H. and H{\'{o}}lm, E. V. and Isaksen, L. and Kallberg, P. and K{\"{o}}hler, M. and Matricardi, M. and Mcnally, A. P. and Monge-Sanz, B. M. and Morcrette, J. J. and Park, B. K. and Peubey, C. and de Rosnay, P. and Tavolato, C. and Th{\'{e}}paut, J. N. and Vitart, F.},
doi = {10.1002/qj.828},
isbn = {1477-870X},
issn = {00359009},
journal = {Quart. J. Roy. Meteor. Soc.},
number = {656},
pages = {553--597},
title = {{The ERA-Interim reanalysis: Configuration and performance of the data assimilation system}},
volume = {137},
year = {2011}
}
@article{Brigode2016,
author = {Brigode, Pierre and Brissette, Fran{\c{c}}ois and Nicault, Antoine and Perreault, Luc and Kuentz, Anna and Mathevet, Thibault and Gailhard, Jo{\"{e}}l},
doi = {10.5194/cp-2016-5},
issn = {1814-9359},
journal = {Climate Past},
pages = {1785--1804},
title = {{Streamflow variability over the 1881–2011 period in northern Qu{\'{e}}bec: comparison of hydrological reconstructions based on tree rings and geopotential height field reanalysis}},
volume = {12},
year = {2016}
}
@article{Pascual2012b,
author = {Pascual, A. and Valero, F. and Mart{\'{i}}n, M. L. and Morata, A. and Luna, M. Y.},
doi = {10.1016/j.atmosres.2012.01.011},
isbn = {0169-8095},
issn = {01698095},
journal = {Atmos. Res.},
keywords = {Analog model,Daily mean wind speed,Daily wind gust,Deterministic and probabilistic tools,Geopotential height,Principal component analysis},
pages = {39--56},
publisher = {Elsevier B.V.},
title = {{Probabilistic and deterministic results of the ANPAF analog model for Spanish wind field estimations}},
volume = {108},
year = {2012}
}
@article{BenDaoud2016,
author = {{Ben Daoud}, Aur{\'{e}}lien and Sauquet, Eric and Bontron, Guillaume and Obled, Charles and Lang, Michel},
doi = {10.1016/j.atmosres.2015.09.015},
issn = {01698095},
journal = {Atmos. Res.},
keywords = {Analogues,ERA-40 reanalyses,Probabilistic quantitative precipitation forecasti,Sa{\^{o}}ne river basin,Statistical adaptation,probabilistic quantitative precipitation},
pages = {147--159},
publisher = {Elsevier B.V.},
title = {{Daily quantitative precipitation forecasts based on the analogue method: improvements and application to a French large river basin}},
volume = {169},
year = {2016}
}
@article{Franke2011,
author = {Franke, Joerg and Gonzalez-Rouco, J. Fidel and Frank, David and Graham, Nicholas E.},
doi = {10.1007/s00382-010-0802-6},
isbn = {0930-7575},
issn = {09307575},
journal = {Climate Dyn.},
keywords = {Analog method,Climate reconstruction,Europe,Instrumental data,Paleoclimate,Proxy data},
number = {1},
pages = {133--150},
title = {{200 years of European temperature variability: Insights from and tests of the proxy surrogate reconstruction analog method}},
volume = {37},
year = {2011}
}
@article{Rienecker2011,
author = {Rienecker, Michele M. and Suarez, Max J. and Gelaro, Ronald and Todling, Ricardo and Bacmeister, Julio and Liu, Emily and Bosilovich, Michael G. and Schubert, Siegfried D. and Takacs, Lawrence and Kim, Gi Kong and Bloom, Stephen and Chen, Junye and Collins, Douglas and Conaty, Austin and {Da Silva}, Arlindo and Gu, Wei and Joiner, Joanna and Koster, Randal D. and Lucchesi, Robert and Molod, Andrea and Owens, Tommy and Pawson, Steven and Pegion, Philip and Redder, Christopher R. and Reichle, Rolf and Robertson, Franklin R. and Ruddick, Albert G. and Sienkiewicz, Meta and Woollen, Jack},
doi = {10.1175/JCLI-D-11-00015.1},
isbn = {0894-8755},
issn = {08948755},
journal = {J. Climate},
number = {14},
pages = {3624--3648},
title = {{MERRA: NASA's modern-era retrospective analysis for research and applications}},
volume = {24},
year = {2011}
}
@article{Compo2011,
archivePrefix = {arXiv},
arxivId = {arXiv:1011.1669v3},
author = {Compo, G. P. and Whitaker, J. S. and Sardeshmukh, P. D. and Matsui, N. and Allan, R. J. and Yin, X. and Gleason, B. E. and Vose, R. S. and Rutledge, G. and Bessemoulin, P. and Br{\"{o}}nnimann, S. and Brunet, M. and Crouthamel, R. I. and Grant, a. N. and Groisman, P. Y. and Jones, P. D. and Kruk, M. C. and Kruger, a. C. and Marshall, G. J. and Maugeri, M. and Mok, H. Y. and Nordli, {\O}. and Ross, T. F. and Trigo, R. M. and Wang, X. L. and Woodruff, S. D. and Worley, S. J.},
doi = {10.1002/qj.776},
eprint = {arXiv:1011.1669v3},
isbn = {0035-9009},
issn = {00359009},
journal = {Quart. J. Roy. Meteor. Soc.},
keywords = {Data assimilation,Ensemble Kalman Filter,Sea-level pressure,State estimation,Surface pressure},
month = {jan},
number = {654},
pages = {1--28},
pmid = {20167801},
title = {{The Twentieth Century Reanalysis Project}},
volume = {137},
year = {2011}
}
@article{Caillouet2016,
author = {Caillouet, Laurie and Vidal, Jean-Philippe and Sauquet, Eric and Graff, Benjamin},
doi = {10.5194/cp-12-635-2016},
journal = {Climate Past},
number = {3},
pages = {635--662},
title = {{Probabilistic precipitation and temperature downscaling of the Twentieth Century Reanalysis over France}},
volume = {12},
year = {2016}
}
@article{Turco2011a,
author = {Turco, M. and Quintana-Segu{\'{i}}, P. and Llasat, M. C. and Herrera, S. and Guti{\'{e}}rrez, J. M.},
doi = {10.1029/2011JD016166},
isbn = {0148-0227},
issn = {01480227},
journal = {J. Geophys. Res. Atmos.},
number = {18},
pages = {1--14},
title = {{Testing MOS precipitation downscaling for ENSEMBLES regional climate models over Spain}},
volume = {116},
year = {2011}
}
@article{Maurer2008,
author = {Maurer, E. P. and Hidalgo, H. G.},
doi = {10.5194/hess-12-551-2008},
isbn = {1027-5606},
issn = {10275606},
journal = {Hydrol. Earth Syst. Sci.},
number = {2},
pages = {551--563},
title = {{Utility of daily vs. monthly large-scale climate data: An intercomparison of two statistical downscaling methods}},
volume = {12},
year = {2008}
}
@article{BenDaoud2009,
author = {{Ben Daoud}, Aur{\'{e}}lien and Sauquet, Eric and Lang, Michel and Obled, Charles and Bontron, Guillaume},
doi = {10.1051/lhb/2009079},
issn = {0018-6368},
journal = {La Houille Blanche},
month = {jan},
number = {6},
pages = {60--65},
title = {{La pr{\'{e}}vision des pr{\'{e}}cipitations par recherche d'analogues : {\'{e}}tat de l'art et perspectives}},
year = {2009}
}
@misc{Poli2017,
abstract = {Last modified 30 Mar 2017},
author = {Poli, Paul and {National Center for Atmospheric Research Staff}},
title = {{The Climate Data Guide: ERA-20C: ECMWF's atmospheric reanalysis of the 20th century (and comparisons with NOAA's 20CR).}},
url = {https://climatedataguide.ucar.edu/climate-data/era-20c-ecmwfs-atmospheric-reanalysis-20th-century-and-comparisons-noaas-20cr},
urldate = {2017-11-28},
year = {2017}
}
@article{Clark2004a,
archivePrefix = {arXiv},
arxivId = {arXiv:1011.1669v3},
author = {Clark, Martyn and Gangopadhyay, Subhrendu and Hay, Lauren and Rajagopalan, Balaji and Wilby, Robert},
doi = {10.1175/1525-7541(2004)005<0243:TSSAMF>2.0.CO;2},
eprint = {arXiv:1011.1669v3},
isbn = {1525-755X},
issn = {1525-755X},
journal = {J. Hydrometeor.},
number = {1},
pages = {243--262},
pmid = {25246403},
title = {{The Schaake Shuffle: A Method for Reconstructing Space–Time Variability in Forecasted Precipitation and Temperature Fields}},
volume = {5},
year = {2004}
}
@article{Martin2014b,
author = {Mart{\'{i}}n, M. L. and Valero, F. and Pascual, A. and Sanz, J. and Frias, L.},
doi = {10.1016/j.atmosres.2014.02.012},
issn = {01698095},
journal = {Atmos. Res.},
keywords = {Aggregated wind power outputs,Analog model,Deterministic and probabilistic tools,Sea level pressure,Wind power farm outputs},
pages = {238--249},
publisher = {Elsevier B.V.},
title = {{Analysis of wind power productions by means of an analog model}},
volume = {143},
year = {2014}
}
@article{Kalnay1996,
archivePrefix = {arXiv},
arxivId = {arXiv:1011.1669v3},
author = {Kalnay, E and Kanamitsu, M and Kistler, R and Collins, W. and Deaven, D and Gandin, L and Iredell, M and Saha, S and White, G and Woollen, J and Zhu, Y. and Chelliah, M. and Ebisuzaki, W. and Higgins, W. and Janowiak, J. and Mo, K. C. and Ropelewski, C. and Wang, J. and Leetmaa, A. and Reynolds, R. and Jenne, Roy and Joseph, Dennis},
doi = {10.1175/1520-0477(1996)077<0437:TNYRP>2.0.CO;2},
eprint = {arXiv:1011.1669v3},
isbn = {0003-0007},
issn = {00030007},
journal = {Bull. Amer. Meteor. Soc.},
number = {3},
pages = {437--471},
pmid = {25246403},
title = {{The NCEP/NCAR 40-year reanalysis project}},
volume = {77},
year = {1996}
}
@article{Chardon2014,
author = {Chardon, Jeremy and Hingray, Beno{\^{i}}t and Favre, Anne-Catherine and Autin, Philemon and Gailhard, Jo{\"{e}}l and Zin, Isabella and Obled, Charles},
doi = {10.1175/JCLI-D-13-00464.1},
issn = {0894-8755},
journal = {J. Climate},
month = {jul},
number = {13},
pages = {5056--5074},
title = {{Spatial Similarity and Transferability of Analog Dates for Precipitation Downscaling over France}},
volume = {27},
year = {2014}
}
@article{Schenk2012,
author = {Schenk, F. and Zorita, E.},
doi = {10.5194/cp-8-1681-2012},
issn = {18149324},
journal = {Climate Past},
number = {5},
pages = {1681--1703},
title = {{Reconstruction of high resolution atmospheric fields for Northern Europe using analog-upscaling}},
volume = {8},
year = {2012}
}
@article{JakobThemessl2011a,
author = {Themessl, Matthias Jakob and Gobiet, Andreas and Leuprecht, Armin},
doi = {10.1002/joc.2168},
isbn = {1097-0088},
issn = {08998418},
journal = {Int. J. Climatol.},
keywords = {Alpine region,Bias correction,Empirical statistical downscaling,Error correction,Precipitation modelling,Regional climate modelling},
number = {10},
pages = {1530--1544},
title = {{Empirical-statistical downscaling and error correction of daily precipitation from regional climate models}},
volume = {31},
year = {2011}
}
@article{Higgins2010,
author = {Higgins, R. W. and Kousky, V. E. and Silva, V. B S and Becker, E. and Xie, P.},
doi = {10.1175/2010JCLI3638.1},
isbn = {0894-8755},
issn = {08948755},
journal = {J. Climate},
number = {17},
pages = {4637--4650},
title = {{Intercomparison of daily precipitation statistics over the United States in observations and in NCEP reanalysis products}},
volume = {23},
year = {2010}
}
@article{Fujiwara2017,
author = {Fujiwara, Masatomo and Wright, Jonathon S. and Manney, Gloria L. and Gray, Lesley J. and Anstey, James and Birner, Thomas and Davis, Sean and Gerber, Edwin P. and {Lynn Harvey}, V. and Hegglin, Michaela I. and Homeyer, Cameron R. and Knox, John A. and Kr{\"{u}}ger, Kirstin and Lambert, Alyn and Long, Craig S. and Martineau, Patrick and Molod, Andrea and Monge-Sanz, Beatriz M. and Santee, Michelle L. and Tegtmeier, Susann and Chabrillat, Simon and Tan, David G.H. and Jackson, David R. and Polavarapu, Saroja and Compo, Gilbert P. and Dragani, Rossana and Ebisuzaki, Wesley and Harada, Yayoi and Kobayashi, Chiaki and McCarty, Will and Onogi, Kazutoshi and Pawson, Steven and Simmons, Adrian and Wargan, Krzysztof and Whitaker, Jeffrey S. and Zou, Cheng Zhi},
doi = {10.5194/acp-17-1417-2017},
issn = {16807324},
journal = {Atmos. Chem. Phys.},
number = {2},
pages = {1417--1452},
title = {{Introduction to the SPARC Reanalysis Intercomparison Project (S-RIP) and overview of the reanalysis systems}},
volume = {17},
year = {2017}
}
@article{Vanvyve2015,
author = {Vanvyve, Emilie and {Delle Monache}, Luca and Monaghan, Andrew J. and Pinto, James O.},
doi = {10.1016/j.renene.2014.08.060},
issn = {09601481},
journal = {Renew. Energy},
pages = {761--773},
publisher = {Elsevier Ltd},
title = {{Wind resource estimates with an analog ensemble approach}},
volume = {74},
year = {2015}
}
@article{Obled2002,
author = {Obled, Charles and Bontron, Guillaume and Gar{\c{c}}on, R{\'{e}}my},
doi = {10.1016/S0169-8095(02)00038-8},
issn = {01698095},
journal = {Atmos. Res.},
month = {aug},
number = {3-4},
pages = {303--324},
title = {{Quantitative precipitation forecasts: a statistical adaptation of model outputs through an analogues sorting approach}},
volume = {63},
year = {2002}
}
@article{Thiebaux1985,
author = {Thi{\'{e}}baux, H. Jean},
doi = {10.1111/j.1600-0870.1985.tb00275.x},
issn = {16000870},
journal = {Tellus A},
number = {2},
pages = {126--131},
title = {{On approximations to geopotential and wind‐field correlation structures}},
volume = {37 A},
year = {1985}
}
@phdthesis{Thevenot2004,
author = {Thevenot, Nicolas},
school = {INP Grenoble},
title = {{Pr{\'{e}}vision quantitative des pr{\'{e}}cipitations: Adaptation par une m{\'{e}}thode d'Analogie de la pr{\'{e}}vision d'ensemble du CEPMMT. Aspects op{\'{e}}rationnels}},
year = {2004}
}
@article{Caillouet2017,
author = {Caillouet, Laurie and Vidal, Jean Philippe and Sauquet, Eric and Devers, Alexandre and Graff, Benjamin},
doi = {10.5194/hess-21-2923-2017},
issn = {16077938},
journal = {Hydrol. Earth Syst. Sci.},
number = {6},
pages = {2923--2951},
title = {{Ensemble reconstruction of spatio-temporal extreme low-flow events in France since 1871}},
volume = {21},
year = {2017}
}
@misc{Horton2018Da,
author = {Horton, Pascal},
doi = {10.17632/5rcwmfkg3v.1},
note = {{Mendeley Data, v1}},
title = {{Analog dates for NCEP-R1 at 301 precipitation stations in Switzerland (1981-2010)}},
year = {2018}
}
@misc{Horton2018Db,
author = {Horton, Pascal},
doi = {10.17632/vmdpg7ckpf.1},
note = {{Mendeley Data, v1}},
title = {{Analog dates for NCEP-R2 at 301 precipitation stations in Switzerland (1981-2010)}},
year = {2018}
}
@misc{Horton2018Dc,
author = {Horton, Pascal},
doi = {10.17632/b3xfgk42h8.2},
note = {{Mendeley Data, v2}},
title = {{Analog dates for ERA-interim at 301 precipitation stations in Switzerland (1981-2010)}},
year = {2018}
}
@misc{Horton2018Dd,
author = {Horton, Pascal},
doi = {10.17632/w7k5g94khj.2},
note = {{Mendeley Data, v2}},
title = {{Analog dates for CFSR at 301 precipitation stations in Switzerland (1981-2010)}},
year = {2018}
}
@misc{Horton2018De,
author = {Horton, Pascal},
doi = {10.17632/zxyb7p825m.2},
note = {{Mendeley Data, v2}},
title = {{Analog dates for JRA-55 at 301 precipitation stations in Switzerland (1981-2010)}},
year = {2018}
}
@misc{Horton2018Df,
author = {Horton, Pascal},
doi = {10.17632/sw8gr593rr.2},
note = {{Mendeley Data, v2}},
title = {{Analog dates for JRA-55C at 301 precipitation stations in Switzerland (1981-2010)}},
year = {2018}
}
@misc{Horton2018Dg,
author = {Horton, Pascal},
doi = {10.17632/5sbnwcsh6p.2},
note = {{Mendeley Data, v2}},
title = {{Analog dates for MERRA-2 at 301 precipitation stations in Switzerland (1981-2010)}},
year = {2018}
}
@misc{Horton2018Dh,
author = {Horton, Pascal},
doi = {10.17632/8yw7r57sck.1},
note = {{Mendeley Data, v1}},
title = {{Analog dates for 20CR-v2c at 301 precipitation stations in Switzerland (1981-2010)}},
year = {2018}
}
@misc{Horton2018Di,
author = {Horton, Pascal},
doi = {10.17632/9ny7jp9gxg.2},
note = {{Mendeley Data, v2}},
title = {{Analog dates for ERA-20C at 301 precipitation stations in Switzerland (1981-2010)}},
year = {2018}
}
@misc{Horton2018Dj,
author = {Horton, Pascal},
doi = {10.17632/vr6chcpfsf.2},
note = {{Mendeley Data, v2}},
title = {{Analog dates for CERA-20C at 301 precipitation stations in Switzerland (1981-2010)}},
year = {2018}
}
@incollection{Brown2012,
author = {Brown, Barbara G. and Gilleland, Eric and Ebert, Elizabeth E.},
booktitle = {Forecast Verif.},
chapter = {6},
doi = {10.1002/9781119960003.ch6},
editor = {Jolliffe, Ian T. and Stephenson, David B.},
isbn = {9781119960003},
pages = {95--117},
publisher = {Wiley},
title = {{Forecasts of Spatial Fields}},
url = {http://doi.wiley.com/10.1002/9781119960003.ch6},
year = {2012}
}

