@misc{GDAL2014,
author = {{GDAL Development Team}},
title = {{GDAL - Geospatial Data Abstraction Library, Version 1.11.0}},
url = {www.gdal.org},
year = {2014}
}
@phdthesis{Marty2010,
author = {Marty, Renaud},
school = {Universit{\'{e}} de Grenoble},
title = {{Pr{\'{e}}vision hydrologique d'ensemble adapt{\'{e}}e aux bassins {\`{a}} crue rapide. Elaboration de pr{\'{e}}visions probabilistes de pr{\'{e}}cipitations {\`{a}} 12 et 24 h. D{\'{e}}sagr{\'{e}}gation horaire conditionnelle pour la mod{\'{e}}lisation hydrologique. Application {\`{a}} des bassins de la r{\'{e}}gion C{\'{e}}v}},
year = {2010}
}
@article{Horton2016a,
author = {Horton, Pascal and Jaboyedoff, Michel and Obled, Charles},
journal = {Journal of Climate},
title = {{Global Optimization of the Analogue Method by Means of Genetic Algorithms}},
volume = {submitted},
year = {2016}
}
@inproceedings{Duband1974,
author = {Duband, D},
booktitle = {Congr{\`{e}}s de la Soci{\'{e}}t{\'{e}} Hydrotechnique de France, XIII{\`{e}}mes journ{\'{e}}es de I’Hydraulique, Paris},
title = {{Reconnaissance dynamique de la forme des situations m{\'{e}}t{\'{e}}orologiques, application {\`{a}} la pr{\'{e}}vision num{\'{e}}rique des pr{\'{e}}cipitations journali{\`{e}}res}},
year = {1974}
}
@article{Kanamitsu1991,
author = {Kanamitsu, M and Alpert, JC and Campana, K and Caplan, P and Deaven, D and Iredell, M and Katz, B and Pan, H and Sela, J and White, G},
journal = {Weather and Forecasting},
number = {3},
pages = {425--435},
title = {{Recent changes implemented into the global forecast system at NMC}},
volume = {6},
year = {1991}
}
@article{Heidke1926,
author = {Heidke, P},
journal = {Geografiska Annaler},
pages = {301--349},
title = {{Berechnung des Erfolges und der G{\"{u}}te der Windst{\"{a}}rkevorhersagen im Sturmwarnungsdienst}},
volume = {8},
year = {1926}
}
@article{GarciaHernandez2009b,
author = {{Garc{\'{\i}}a Hern{\'{a}}ndez}, J and Horton, Pascal and Tobin, Cara and Boillat, JL},
journal = {Wasser Energie Luft – Eau Energie Air},
pages = {297--302},
title = {{MINERVE 2010: Pr{\'{e}}vision hydrom{\'{e}}t{\'{e}}orologique et gestion des crues sur le Rh{\^{o}}ne alpin.}},
volume = {4},
year = {2009}
}
@article{Woodcock1980,
author = {Woodcock, F},
journal = {Monthly Weather Review},
number = {3},
pages = {292--297},
title = {{On the use of analogues to improve regression forecasts}},
volume = {108},
year = {1980}
}
@article{Obled1980,
author = {Obled, C and Good, W},
journal = {Journal of Glaciology},
pages = {315--346},
title = {{Recent developments of avalanche forecasting by discriminant analysis techniques: a methodological review and some applications to the Parsenn area (Davos, Switzerland)}},
volume = {25},
year = {1980}
}
@book{Smart2006,
author = {Smart, J and Hock, K and Csomor, S},
publisher = {Prentice Hall},
title = {{Cross-Platform GUI Programming with wxWidgets}},
year = {2006}
}
@article{Gordon1987,
author = {Gordon, N D},
journal = {European Space Agency Special Publication},
pages = {307--312},
title = {{Statistical very short-range forecasting via analogues.}},
year = {1987}
}
@article{Mason1982,
author = {Mason, I},
journal = {Australian Meteorological Magazine},
number = {4},
pages = {291--303},
title = {{A model for assessment of weather forecasts}},
volume = {30},
year = {1982}
}
@phdthesis{Bontron2004,
author = {Bontron, G},
pages = {262 p.},
school = {Institut National Polytechnique de Grenoble},
title = {{Pr{\'{e}}vision quantitative des pr{\'{e}}cipitations: Adaptation probabiliste par recherche d'analogues. Utilisation des R{\'{e}}analyses NCEP/NCAR et application aux pr{\'{e}}cipitations du Sud-Est de la France.}},
year = {2004}
}
@article{Hersbach2000,
author = {Hersbach, H},
journal = {Weather and Forecasting},
number = {5},
pages = {559--570},
title = {{Decomposition of the continuous ranked probability score for ensemble prediction systems}},
volume = {15},
year = {2000}
}
@article{Bougeault2001,
author = {Bougeault, P and Binder, P and Buzzi, A and Dirks, R. and Houze, R. and Kuettner, J. and Smith, R. and Steinacker, R. and Volkert, H.},
journal = {Bulletin of the American Meteorological Society},
number = {3},
pages = {433--462},
title = {{The MAP special observing period}},
volume = {82},
year = {2001}
}
@article{Zorita1999,
author = {Zorita, E and Storch, H Von},
journal = {Journal of climate},
number = {8},
pages = {2474--2489},
title = {{The analog method as a simple statistical downscaling technique: comparison with more complicated methods}},
volume = {12},
year = {1999}
}
@inproceedings{Desaint2008a,
author = {Desaint, Beno{\^{\i}}t and Nogues, Philippe and Perret, Christian and Gar{\c{c}}on, R{\'{e}}my},
booktitle = {Colloque SHF-191e CST - «Pr{\'{e}}visions hydrom{\'{e}}t{\'{e}}orologiques», Lyon, 18-19 novembre 2008},
number = {Tableau 1},
title = {{La pr{\'{e}}vision hydrom{\'{e}}t{\'{e}}orologique op{\'{e}}rationnelle: l'exp{\'{e}}rience d'Electricit{\'{e}} de France}},
year = {2008}
}
@article{Toth1989,
author = {Toth, Z},
journal = {Journal of Climate},
pages = {594--607},
title = {{Long-range weather forecasting using an analog approach}},
volume = {2},
year = {1989}
}
@inproceedings{Talagrand1997,
author = {Talagrand, O. and Vautard, R and Strauss, B},
booktitle = {Proceedings of the ECMWF Workshop on Predictability},
pages = {1--25},
title = {{Evaluation of probabilistic prediction systems}},
year = {1997}
}
@techreport{Vallee1986,
author = {Vall{\'{e}}e, J L},
institution = {Rapport de stage de fin d'{\'{e}}tudes de l'Ecole de la M{\'{e}}t{\'{e}}orologie Nationale},
title = {{Pr{\'{e}}cipitations sur le Sud-Ouest du Massif Central et l'Est des Pyr{\'{e}}n{\'{e}}es. Optimisation du mod{\`{e}}le EDF/DTG de pr{\'{e}}vision par recherche d'analogues.}},
year = {1986}
}
@article{Murray1974,
author = {Murray, R},
journal = {The Meteorological magazine},
pages = {70},
publisher = {HMSO},
title = {{Indicators of monthly mean temperature and rainfall for England and Wales based on antecedent monthly pressure anomalies over the Northern hemisphere}},
volume = {103},
year = {1974}
}
@article{Livezey1988,
author = {Livezey, R E and Barnston, A G},
journal = {Journal of Geophysical Research},
keywords = {2 read priority 1},
number = {D9},
pages = {10953--10974},
publisher = {American Geophysical Union},
title = {{An operational multifield analog/antianalog prediction system for United States seasonal temperatures. 1. system design and winter experiments}},
volume = {93},
year = {1988}
}
@article{Matheson1976,
author = {Matheson, JE and Winkler, RL},
journal = {Management science},
number = {10},
pages = {1087--1096},
title = {{Scoring rules for continuous probability distributions}},
volume = {22},
year = {1976}
}
@article{Sievers2000,
author = {Sievers, Oliver and Fraedrich, Klaus and Raible, Christoph C.},
doi = {10.1175/1520-0434(2000)015<0623:SAAEPO>2.0.CO;2},
issn = {0882-8156},
journal = {Weather and Forecasting},
month = {oct},
number = {5},
pages = {623--629},
title = {{Self-Adapting Analog Ensemble Predictions of Tropical Cyclone Tracks}},
volume = {15},
year = {2000}
}
@article{Horton2016b,
author = {Horton, Pascal and Jaboyedoff, Michel and Obled, Charles},
journal = {Journal of Hydrology},
title = {{Using Genetic Algorithms to Optimize the Analogue Method for Precipitation forecasting in the Swiss Alps}},
volume = {submitted},
year = {2016}
}
@article{Hamill2006,
author = {Hamill, T and Whitaker, J},
journal = {Monthly Weather Review},
number = {11},
pages = {3209--3229},
title = {{Probabilistic quantitative precipitation forecasts based on reforecast analogs: Theory and application}},
volume = {134},
year = {2006}
}
@phdthesis{Duband1970,
author = {Duband, D},
school = {Th{\`{e}}se de 3{\`{e}}me cycle de la facult{\'{e}} des sciences de Paris.},
title = {{Reconnaissance dynamique de la forme des situations m{\'{e}}t{\'{e}}orologiques. Application {\`{a}} la pr{\'{e}}vision quantitative des pr{\'{e}}cipitations.}},
year = {1970}
}
@phdthesis{Guilbaud1997,
author = {Guilbaud, S},
pages = {386 p.},
school = {Institut National Polytechnique de Grenoble},
title = {{Pr{\'{e}}vision quantitative des pr{\'{e}}cipitations journali{\`{e}}res par une m{\'{e}}thode statistico-dynamique des recherche d'analogues - Application {\`{a}} des bassins du pourtour m{\'{e}}diterran{\'{e}}en}},
year = {1997}
}
@article{Bontron2005,
author = {Bontron, Guillaume and Obled, Charles},
journal = {La Houille Blanche},
number = {1},
pages = {23--28},
title = {{L'adaptation probabiliste des pr{\'{e}}visions m{\'{e}}t{\'{e}}orologiques pour la pr{\'{e}}vision hydrologique}},
year = {2005}
}
@article{Reynolds2007,
author = {Reynolds, Richard W. and Smith, Thomas M. and Liu, Chunying and Chelton, Dudley B. and Casey, Kenneth S. and Schlax, Michael G.},
doi = {10.1175/2007JCLI1824.1},
issn = {0894-8755},
journal = {Journal of Climate},
month = {nov},
number = {22},
pages = {5473--5496},
title = {{Daily High-Resolution-Blended Analyses for Sea Surface Temperature}},
volume = {20},
year = {2007}
}
@article{Teweles1954,
author = {Teweles, S and Wobus, H B},
journal = {Bulletin of the American Meteorological Society},
pages = {455--463},
title = {{Verification of prognostic charts}},
volume = {35},
year = {1954}
}
@article{Brier1950,
author = {Brier, GW},
journal = {Monthly weather review},
number = {1},
pages = {1--3},
title = {{Verification of forecasts expressed in terms of probability}},
volume = {78},
year = {1950}
}
@article{Kanamitsu1989,
author = {Kanamitsu, M},
journal = {Weather and Forecasting},
pages = {335--342},
title = {{Description of the NMC global data assimilation and forecast system}},
volume = {4},
year = {1989}
}
@techreport{Keenan1981,
author = {Keenan, T D and Woodcock, F},
institution = {Bureau of Meteorology},
keywords = {2 read priority 2},
mendeley-tags = {2 read priority 2},
title = {{Objective Tropical Cyclone Movement Forecasts Using Synoptic and Track Analogue Information}},
year = {1981}
}
@techreport{Stardex2005,
author = {STARDEX},
institution = {STARDEX consortium},
title = {{STARDEX, Downscaling climate extremes}},
year = {2005}
}
@inproceedings{Bois1981,
author = {Bois, P and Obled, Ch and Thalamy, J},
booktitle = {C.R. du colloque M{\'{e}}t{\'{e}}orologie de l'{\'{e}}nergie solaire, PIRDES-CNRS, Toulouse},
pages = {145--177},
title = {{Etude des liaisons entre champs de pression et temp{\'{e}}ratures sur l'Europe avec la dur{\'{e}}e d'insolation: Application {\`{a}} la possibilit{\'{e}} de la pr{\'{e}}vision d'insolation}},
year = {1981}
}
@article{Goodess2003,
author = {Goodess, CM},
journal = {European geophysical union information newsletter},
pages = {25--29},
title = {{Statistical and regional dynamical downscaling of extremes for European regions: STARDEX}},
volume = {6},
year = {2003}
}
@article{Kalnay1996,
author = {Kalnay, E and Kanamitsu, M and Kistler, R and Collins, W and Deaven, D and Gandin, L and Iredell, M and Saha, S and White, G and Woollen, J},
journal = {Bulletin of the American Meteorological Society},
number = {3},
pages = {437--471},
title = {{The NCEP/NCAR 40-year reanalysis project}},
volume = {77},
year = {1996}
}
@article{Guilbaud1998,
author = {Guilbaud, Sophie and Obled, Charles},
journal = {Comptes Rendus de l'Acad{\'{e}}mie des Sciences, Series II, A-Earth and Planetary Science},
number = {3},
pages = {181--188},
title = {{Pr{\'{e}}vision quantitative des pr{\'{e}}cipitations journali{\`{e}}res par une technique de recherche de journ{\'{e}}es ant{\'{e}}rieures analogues: optimisation du crit{\`{e}}re d'analogie}},
volume = {327},
year = {1998}
}
@techreport{Lorenz1956,
author = {Lorenz, EN},
institution = {Massachusetts Institute of Technology, Department of Meteorology, Massachusetts Institute of Technology, Dept. of Meteorology},
title = {{Empirical orthogonal functions and statistical weather prediction}},
year = {1956}
}
@article{Kruizinga1983,
author = {Kruizinga, S and Murphy, AH},
journal = {Monthly Weather Review},
number = {11},
pages = {2244--2254},
title = {{Use of an analogue procedure to formulate objective probabilistic temperature forecasts in the Netherlands}},
volume = {111},
year = {1983}
}
@incollection{Drosdowsky2003,
author = {Drosdowsky, W and Zhang, H},
booktitle = {Forecast verification: a practitioner's guide in atmospheric science},
chapter = {6},
editor = {Jolliffe, I T and Stephenson, D B},
pages = {121--136},
publisher = {Wiley},
title = {{Verification of Spatial Fields}},
year = {2003}
}
@article{Duband1981,
author = {Duband, D},
journal = {La Houille Blanche},
pages = {497--512},
title = {{Pr{\'{e}}vision spatiale des hauteurs de pr{\'{e}}cipitations journali{\`{e}}res}},
volume = {7-8},
year = {1981}
}
@article{BenDaoud2015,
author = {{Ben Daoud}, Aur{\'{e}}lien and Sauquet, Eric and Bontron, Guillaume and Obled, Charles and Lang, Michel},
doi = {10.1016/j.atmosres.2015.09.015},
issn = {01698095},
journal = {Atmospheric Research},
keywords = {2 read priority 1,Analogues,ERA-40 reanalyses,Probabilistic quantitative precipitation forecasti,Sa{\^{o}}ne river basin,Statistical adaptation,probabilistic quantitative precipitation},
pages = {147--159},
publisher = {Elsevier B.V.},
title = {{Daily quantitative precipitation forecasts based on the analogue method: improvements and application to a French large river basin}},
volume = {169},
year = {2015}
}
@misc{Brown1974,
author = {Brown, TA},
pages = {P--5235},
title = {{Admissible Scoring Systems for Continuous Distributions.}},
year = {1974}
}
@article{Gibergans-Baguena2007,
author = {Gibergans-B{\'{a}}guena, J. and Llasat, M.C.},
doi = {10.1016/j.atmosres.2007.04.002},
issn = {01698095},
journal = {Atmospheric Research},
keywords = {2 read priority 1,analog,catalonia,daily rainfall,quantitative forecasting,radiosounding,spain},
mendeley-tags = {2 read priority 1},
month = {dec},
number = {3-4},
pages = {173--193},
title = {{Improvement of the analog forecasting method by using local thermodynamic data. Application to autumn precipitation in Catalonia}},
volume = {86},
year = {2007}
}
@article{Matulla2007,
author = {Matulla, C. and Zhang, X. and Wang, X. L. and Wang, J. and Zorita, E. and Wagner, S. and von Storch, H.},
doi = {10.1007/s00382-007-0277-2},
issn = {0930-7575},
journal = {Climate Dynamics},
month = {jul},
number = {2-3},
pages = {133--144},
title = {{Influence of similarity measures on the performance of the analog method for downscaling daily precipitation}},
volume = {30},
year = {2007}
}
@article{Uppala2005,
author = {Uppala, S. M. and Kallberg, P. W. and Simmons, A. J. and Andrae, U. and {Da Costa Bechtold}, V. and Fiorino, M. and Gibson, J. K. and Haseler, J. and Hernandez, A. and Kelly, G. A. and Li, X. and Onogi, K. and Saarinen, S. and Sokka, N. and Allan, R. P. and Andersson, E. and Arpe, K. and Balmaseda, M. A. and Beljaars, A. C. M. and {Van De Berg}, L. and Bidlot, J. and Bormann, N. and Caires, S. and Chevallier, F. and Dethof, A. and Dragosavac, M. and Fisher, M. and Fuentes, M. and Hagemann, S. and H{\'{o}}lm, E. and Hoskins, B. J. and Isaksen, L. and Janssen, P. A. E. M. and Jenne, R. and Mcnally, A. P. and Mahfouf, J.-F. and Morcrette, J.-J. and Rayner, N. A. and Saunders, R. W. and Simon, P. and Sterl, A. and Trenberth, K. E. and Untch, A. and Vasiljevic, D. and Viterbo, P. and Woollen, J.},
doi = {10.1256/qj.04.176},
issn = {00359009},
journal = {Quarterly Journal of the Royal Meteorological Society},
month = {oct},
number = {612},
pages = {2961--3012},
title = {{The ERA-40 re-analysis}},
volume = {131},
year = {2005}
}
@article{Rodwell2010,
author = {Rodwell, Mark J. and Richardson, David S. and Hewson, Tim D. and Haiden, Thomas},
doi = {10.1002/qj.656},
issn = {00359009},
journal = {Quarterly Journal of the Royal Meteorological Society},
keywords = {accepted 10 may 2010,equitability,hedging,interscience,probability space,published online in wiley,received 14 august 2009,refinement,revised 23 april 2010,sampling uncertainty},
month = {jul},
number = {650},
pages = {1344--1363},
title = {{A new equitable score suitable for verifying precipitation in numerical weather prediction}},
volume = {136},
year = {2010}
}
@article{Schmidli2007,
author = {Schmidli, J. and Goodess, C. M. and Frei, C. and Haylock, M. R. and Hundecha, Y. and Ribalaygua, J. and Schmith, T.},
doi = {10.1029/2005JD007026},
issn = {0148-0227},
journal = {Journal of Geophysical Research},
month = {feb},
number = {D4},
pages = {D04105},
title = {{Statistical and dynamical downscaling of precipitation: An evaluation and comparison of scenarios for the European Alps}},
volume = {112},
year = {2007}
}
@article{Klein1959,
author = {Klein, WH and Lewis, BM and Enger, I},
journal = {Journal of Meteorology},
pages = {672--682},
title = {{Objective prediction of five-day mean temperatures during winter}},
volume = {16},
year = {1959}
}
@misc{Guennebaud2010,
author = {Guennebaud, Ga{\"{e}}l and Jacob, Beno{\^{\i}}t and Others},
howpublished = {http://eigen.tuxfamily.org},
title = {{Eigen v3}},
year = {2010}
}
@article{Radinovic1975,
author = {Radinovic, D},
journal = {Monthly Weather Review},
number = {7},
pages = {639--649},
title = {{An analogue method for weather forecasting using the 500/1000 mb relative topography}},
volume = {103},
year = {1975}
}
@techreport{Mandon1985,
author = {Mandon, S},
institution = {Rapport de stage de fin d'{\'{e}}tudes de l'Ecole de la M{\'{e}}t{\'{e}}orologie Nationale},
title = {{Comparaison d'{\'{e}}pisodes pluvieux intenses sur le Sud-Est de la France et de situations analogues au sens de la circulation g{\'{e}}n{\'{e}}rale. Recherche de variables discriminantes.}},
year = {1985}
}
@article{Marty2012,
author = {Marty, Renaud and Zin, Isabella and Obled, Charles and Bontron, Guillaume and Djerboua, Abdelatif},
doi = {10.1175/JAMC-D-11-011.1},
issn = {1558-8424},
journal = {Journal of Applied Meteorology and Climatology},
keywords = {2 read priority 1},
month = {mar},
number = {3},
pages = {505--520},
title = {{Toward Real-Time Daily PQPF by an Analog Sorting Approach: Application to Flash-Flood Catchments}},
volume = {51},
year = {2012}
}
@article{Barnett1978,
author = {Barnett, TP and Preisendorfer, RW},
journal = {Journal of the Atmospheric Sciences},
pages = {1771--1787},
title = {{Multifield analog prediction of short-term climate fluctuations using a climate state vector}},
volume = {35},
year = {1978}
}
@article{Fraedrich2003,
author = {Fraedrich, Klaus and Raible, Christoph C. and Sielmann, Frank},
doi = {10.1175/1520-0434(2003)018<0003:AEFOTC>2.0.CO;2},
issn = {0882-8156},
journal = {Weather and Forecasting},
month = {feb},
number = {1},
pages = {3--11},
title = {{Analog Ensemble Forecasts of Tropical Cyclone Tracks in the Australian Region}},
volume = {18},
year = {2003}
}
@article{Horton2012,
author = {Horton, Pascal and Jaboyedoff, Michel and Metzger, Richard and Obled, Charles and Marty, Renaud},
doi = {10.5194/nhess-12-777-2012},
journal = {Natural Hazards and Earth System Sciences},
pages = {777--784},
title = {{Spatial relationship between the atmospheric circulation and the precipitation measured in the western Swiss Alps by means of the analogue method}},
volume = {12},
year = {2012}
}
@phdthesis{Wetterhall2005,
author = {Wetterhall, F},
school = {Uppsala University},
title = {{Statistical Downscaling of Precipitation from Large-scale Atmospheric Circulation: Comparison of Methods and Climate Regions}},
year = {2005}
}
@article{Hoare1962a,
author = {Hoare, C A R},
journal = {The Computer Journal},
number = {1},
pages = {10--16},
title = {{Quicksort}},
volume = {5},
year = {1962}
}
@article{Wilson2002,
author = {Wilson, L. and Vall{\'{e}}e, M.},
journal = {Weather and Forecasting},
number = {2},
pages = {206--222},
title = {{The Canadian updateable model output statistics (UMOS) system: Design and development tests}},
volume = {17},
year = {2002}
}
@article{Peirce1884,
author = {Peirce, CS},
journal = {Science},
number = {93},
pages = {453--454},
title = {{The numerical measure of the success of predictions}},
volume = {4},
year = {1884}
}
@inproceedings{Shabbar1986,
author = {Shabbar, A and Knox, J},
booktitle = {Proceedings of the first WMO workshop on the diagnosis and prediction of monthly and seasonal atmospheric variations over the globe, Longe range forecasting Res. Rep. Ser. 6, Vol II, Tech. Doc. WMO/TD87},
pages = {672--681},
title = {{Monthly prediction by the analogue method}},
year = {1986}
}
@article{Epstein1969,
author = {Epstein, ES},
journal = {Journal of Applied Meteorology},
number = {6},
pages = {985--987},
title = {{A scoring system for probability forecasts of ranked categories}},
volume = {8},
year = {1969}
}
@article{BenDaoud2009,
author = {{Ben Daoud}, Aur{\'{e}}lien and Sauquet, Eric and Lang, Michel and Obled, Charles and Bontron, Guillaume},
doi = {10.1051/lhb/2009079},
issn = {0018-6368},
journal = {La Houille Blanche},
month = {jan},
number = {6},
pages = {60--65},
title = {{La pr{\'{e}}vision des pr{\'{e}}cipitations par recherche d'analogues : {\'{e}}tat de l'art et perspectives}},
year = {2009}
}
@phdthesis{Horton2012a,
author = {Horton, Pascal},
pages = {320 p.},
school = {Universit{\'{e}} de Lausanne},
title = {{Am{\'{e}}liorations et optimisation globale de la m{\'{e}}thode des analogues pour la pr{\'{e}}vision statistique des pr{\'{e}}cipitations. D{\'{e}}veloppement d'un outil de pr{\'{e}}vision et application op{\'{e}}rationnelle au bassin du Rh{\^{o}}ne {\`{a}} l'amont du L{\'{e}}man}},
type = {Th{\`{e}}se de doctorat},
year = {2012}
}
@article{Gilbert1884,
author = {Gilbert, G K},
journal = {American Meteorological Journal},
pages = {166--172},
title = {{Finley's tornado predictions}},
volume = {1},
year = {1884}
}
@article{Nelder1965a,
author = {Nelder, JA and Mead, R},
journal = {The Computer Journal},
number = {4},
pages = {308--313},
title = {{A simplex method for function minimization}},
volume = {7},
year = {1965}
}
@article{Obled2014,
author = {Obled, Charles},
doi = {10.1051/lhb/2014017},
issn = {0018-6368},
journal = {La Houille Blanche},
month = {may},
number = {2},
pages = {55--68},
title = {{Daniel Duband - cinquante ans de contributions scientifiques {\`{a}} l'hydrologie (1962-2011)}},
year = {2014}
}
@inproceedings{Wilson1980,
address = {Nice},
author = {Wilson, L J and Yacowar, N},
booktitle = {Proceedings of the WMO Symposium on Probabilistic and Statistical Methods in Weather Forecasting},
pages = {40--406},
title = {{Statistical weather element forecasting in the Canadian Weather Service}},
year = {1980}
}
@article{Kanamitsu2002,
author = {Kanamitsu, Masao and Ebisuzaki, Wesley and Woollen, Jack and Yang, Shi-Keng and Hnilo, J. J. and Fiorino, M. and Potter, G. L.},
doi = {10.1175/BAMS-83-11-1631},
issn = {0003-0007},
journal = {Bulletin of the American Meteorological Society},
month = {nov},
number = {11},
pages = {1631--1643},
title = {{NCEP–DOE AMIP-II Reanalysis (R-2)}},
volume = {83},
year = {2002}
}
@inproceedings{Yacowar1975,
author = {Yacowar, N},
booktitle = {Preprints 4th Conference on Probability and Statistics in Atmospheric Sciences},
pages = {49--50},
title = {{Probability forecast using finely tuned analogs}},
year = {1975}
}
@phdthesis{Thevenot2004,
author = {Thevenot, Nicolas},
school = {INP Grenoble},
title = {{Pr{\'{e}}vision quantitative des pr{\'{e}}cipitations: Adaptation par une m{\'{e}}thode d'Analogie de la pr{\'{e}}vision d'ensemble du CEPMMT. Aspects op{\'{e}}rationnels}},
year = {2004}
}
@article{Bergen1982,
author = {Bergen, RE and Harnack, RP},
journal = {Monthly Weather Review},
pages = {1083--1099},
title = {{Long-range temperature prediction using a simple analog approach}},
volume = {110},
year = {1982}
}
@article{Chardon2014,
author = {Chardon, Jeremy and Hingray, Benoit and Favre, Anne-Catherine and Autin, Philemon and Gailhard, Jo{\"{e}}l and Zin, Isabella and Obled, Charles},
doi = {10.1175/JCLI-D-13-00464.1},
issn = {0894-8755},
journal = {Journal of Climate},
keywords = {2 read priority 1},
mendeley-tags = {2 read priority 1},
month = {jul},
number = {13},
pages = {5056--5074},
title = {{Spatial Similarity and Transferability of Analog Dates for Precipitation Downscaling over France}},
volume = {27},
year = {2014}
}
@article{Rodwell2011,
author = {Rodwell, M and Haiden, Thomas and Richardson, D},
journal = {ECMWF Newsletter},
pages = {12--16},
title = {{Developments in precipitation verification}},
volume = {128},
year = {2011}
}
@phdthesis{Bliefernicht2010,
author = {Bliefernicht, J},
school = {Universit{\"{a}}t Stuttgart},
title = {{Probability forecasts of daily areal precipitation for small river basins}},
year = {2010}
}
@article{Dayon2015,
author = {Dayon, G. and Bo{\'{e}}, J. and Martin, E.},
doi = {10.1002/2014JD022236},
issn = {2169897X},
journal = {Journal of Geophysical Research: Atmospheres},
keywords = {2 read priority 1},
mendeley-tags = {2 read priority 1},
month = {feb},
number = {3},
pages = {1023--1043},
title = {{Transferability in the future climate of a statistical downscaling method for precipitation in France}},
volume = {120},
year = {2015}
}
@article{Bolognesi1993,
author = {Bolognesi, R},
journal = {La Houille Blanche},
pages = {551--553},
title = {{Premiers d{\'{e}}veloppements d'un mod{\`{e}}le hybride pour le diagnostic spatial des risques d'avalanches}},
volume = {8},
year = {1993}
}
@article{Candille2005,
author = {Candille, G. and Talagrand, O.},
doi = {10.1256/qj.04.71},
issn = {00359009},
journal = {Quarterly Journal of the Royal Meteorological Society},
number = {609},
pages = {2131--2150},
title = {{Evaluation of probabilistic prediction systems for a scalar variable}},
volume = {131},
year = {2005}
}
@article{Philipp2007,
author = {Philipp, A. and Della-Marta, P. M. and Jacobeit, J. and Fereday, D. R. and Jones, P. D. and Moberg, A. and Wanner, H.},
doi = {10.1175/JCLI4175.1},
issn = {0894-8755},
journal = {Journal of Climate},
month = {aug},
number = {16},
pages = {4065--4095},
title = {{Long-Term Variability of Daily North Atlantic–European Pressure Patterns since 1850 Classified by Simulated Annealing Clustering}},
volume = {20},
year = {2007}
}
@article{Finley1884,
author = {Finley, J},
journal = {American Meteorological Journal},
pages = {85--88},
title = {{Tornado prediction}},
volume = {1},
year = {1884}
}
@phdthesis{Djerboua2001,
author = {Djerboua, A},
pages = {240 p.},
school = {Institut National Polytechnique de Grenoble},
title = {{Pr{\'{e}}d{\'{e}}termination des pluies et crues extr{\^{e}}mes dans les Alpes franco-italiennes - Pr{\'{e}}vision quantitative des pluies journali{\`{e}}res par la m{\'{e}}thode des Analogues}},
year = {2001}
}
@phdthesis{BenDaoud2010,
author = {{Ben Daoud}, A},
school = {Universit{\'{e}} de Grenoble},
title = {{Am{\'{e}}liorations et d{\'{e}}veloppements d'une m{\'{e}}thode de pr{\'{e}}vision probabiliste des pluies par analogie.}},
year = {2010}
}
@article{Nap1981,
author = {Nap, JL and van den Dool, H. and Oerlemans, J.},
journal = {Monthly Weather Review},
pages = {306--312},
title = {{A verification of monthly weather forecasts in the seventies}},
volume = {109},
year = {1981}
}
@article{Klein1963,
author = {Klein, WH},
journal = {Monthly Weather Review},
number = {10},
pages = {527--536},
title = {{Specification of precipitation from the 700-millibar circulation}},
volume = {91},
year = {1963}
}
@article{Wetterhall2007,
author = {Wetterhall, F. and Halldin, S. and Xu, C.-Y.},
doi = {10.1007/s00704-005-0223-3},
issn = {0177-798X},
journal = {Theoretical and Applied Climatology},
month = {jun},
number = {1-4},
pages = {123--137},
title = {{Seasonality properties of four statistical-downscaling methods in central Sweden}},
volume = {87},
year = {2007}
}
@article{Lorenz1969,
author = {Lorenz, EN},
journal = {Journal of the Atmospheric Sciences},
pages = {636--646},
title = {{Atmospheric predictability as revealed by naturally occurring analogues}},
volume = {26},
year = {1969}
}
@article{Hewitson1996,
author = {Hewitson, BC and Crane, RG},
journal = {Climate Research},
keywords = {artificial neural nets,climate change,downscaling},
pages = {85--95},
title = {{Climate downscaling: techniques and application}},
volume = {7},
year = {1996}
}
@techreport{Binder1996,
address = {Zurich, Switzerland},
author = {Binder, P. and Sch{\"{a}}r, C.},
institution = {MAP Programme Office},
pages = {77p},
title = {{Mesoscale Alpine Programme (MAP) design proposal}},
year = {1996}
}
@book{Wilks2006,
author = {Wilks, Daniel S},
pages = {627 p.},
publisher = {Elsevier},
title = {{Statistical Methods in the Atmospheric Sciences: An Introduction. 2nd edition}},
year = {2006}
}
@inproceedings{BenDaoud2008,
author = {{Ben Daoud}, A and Sauquet, Eric and Lang, Michel and Obled, Charles and Bontron, Guillaume},
booktitle = {Colloque SHF-191e CST - «Pr{\'{e}}visions hydrom{\'{e}}t{\'{e}}orologiques», Lyon, 18-19 novembre 2008},
number = {6},
title = {{La pr{\'{e}}vision des pr{\'{e}}cipitations par recherche d'analogues: {\'{e}}tat de l'art et perspectives}},
year = {2008}
}
@article{Casati2008,
author = {Casati, B. and Wilson, L. J. and Stephenson, D. B. and Nurmi, P. and Ghelli, a. and Pocernich, M. and Damrath, U. and Ebert, E. E. and Brown, B. G. and Mason, S.},
doi = {10.1002/met.52},
issn = {13504827},
journal = {Meteorological Applications},
keywords = {accepted 2 january 2008,extreme events verification,operational verification,probability forecasts and ensemble,received 17 september 2007,revised 7 december 2007,spatial verification approaches,user-oriented verification,value,verification,verification packages},
month = {mar},
number = {1},
pages = {3--18},
title = {{Forecast verification: current status and future directions}},
volume = {15},
year = {2008}
}
@article{Obled2002,
author = {Obled, Charles and Bontron, Guillaume and Gar{\c{c}}on, R{\'{e}}my},
doi = {10.1016/S0169-8095(02)00038-8},
issn = {01698095},
journal = {Atmospheric Research},
month = {aug},
number = {3-4},
pages = {303--324},
title = {{Quantitative precipitation forecasts: a statistical adaptation of model outputs through an analogues sorting approach}},
volume = {63},
year = {2002}
}
@article{Gringorten1963,
author = {Gringorten, Irving I.},
doi = {10.1029/JZ068i003p00813},
issn = {01480227},
journal = {Journal of Geophysical Research},
month = {feb},
number = {3},
pages = {813--814},
title = {{A plotting rule for extreme probability paper}},
volume = {68},
year = {1963}
}
@techreport{Maheras2005,
author = {Maheras, P and Anagnostopoulou, Chr and Tolika, K},
institution = {STARDEX project},
pages = {1--25},
title = {{Contribution to D12 (AUTH, APRA-SMR, FIC and UEA) Downscaling of extreme indices in Greece}},
year = {2005}
}
